<record><leader>00000cas a22000007a 4500</leader><controlfield tag="001">11516117</controlfield><controlfield tag="008">841220d18881898ctudn ne      0    0eng d</controlfield><datafield ind1=" " ind2=" " tag="010"><subfield code="a">sn 84027753 </subfield></datafield><datafield ind1=" " ind2=" " tag="040"><subfield code="a">NPU</subfield><subfield code="b">eng</subfield><subfield code="c">NPU</subfield><subfield code="d">NYS</subfield><subfield code="d">CNW</subfield><subfield code="d">OCLCQ</subfield><subfield code="d">OCLCO</subfield></datafield><datafield ind1="1" ind2=" " tag="029"><subfield code="a">AU@</subfield><subfield code="b">000020634363</subfield></datafield><datafield ind1=" " ind2=" " tag="042"><subfield code="a">msc</subfield></datafield><datafield ind1=" " ind2=" " tag="043"><subfield code="a">n-us-ct</subfield></datafield><datafield ind1="0" ind2="0" tag="245"><subfield code="a">Ansonia evening sentinel.</subfield></datafield><datafield ind1="1" ind2="7" tag="246"><subfield code="a">Evening sentinel</subfield></datafield><datafield ind1="1" ind2="3" tag="246"><subfield code="a">Weekly sentinel</subfield><subfield code="f">&lt;Aug. 19,1896&gt;-1898</subfield></datafield><datafield ind1="1" ind2="3" tag="246"><subfield code="a">Ansonia sentinel</subfield></datafield><datafield ind1=" " ind2=" " tag="260"><subfield code="a">Ansonia, Conn. :</subfield><subfield code="b">J.M. Emerson</subfield></datafield><datafield ind1=" " ind2=" " tag="300"><subfield code="a">v. ;</subfield><subfield code="c">66 cm.</subfield></datafield><datafield ind1=" " ind2=" " tag="310"><subfield code="a">Daily,</subfield><subfield code="b">&lt;Aug. 29, 1895&gt;-1898</subfield></datafield><datafield ind1=" " ind2=" " tag="321"><subfield code="a">Daily (except Wednesday),</subfield><subfield code="b">&lt;Aug. 27, 1890-May 9, 1892&gt;</subfield></datafield><datafield ind1="0" ind2=" " tag="362"><subfield code="a">-Nov. 25, 1898.</subfield></datafield><datafield ind1="1" ind2=" " tag="362"><subfield code="a">Began in 1888.</subfield></datafield><datafield ind1=" " ind2=" " tag="500"><subfield code="a">"Evening" appears in title ornament.</subfield></datafield><datafield ind1=" " ind2=" " tag="530"><subfield code="a">Available on microfilm from UMI.</subfield></datafield><datafield ind1=" " ind2=" " tag="530"><subfield code="a">Also issued on microfilm from Connecticut State Library, Hartford, CT.</subfield></datafield><datafield ind1=" " ind2=" " tag="580"><subfield code="a">Weekly eds: Naugatuck Valley sentinel, and: Ansonia weekly sentinel.</subfield></datafield><datafield ind1=" " ind2=" " tag="580"><subfield code="a">Absorbed: Ansonia weekly sentinel &lt;Aug. 29, 1895&gt;-Aug. 31, 1898, as: Sec. 2, Combination paper--Daily and weekly.</subfield></datafield><datafield ind1=" " ind2=" " tag="588"><subfield code="a">Description based on: Vol. 5, no. 41 (Mar. 29, 1888).</subfield></datafield><datafield ind1=" " ind2="0" tag="651"><subfield code="a">Ansonia (Conn.)</subfield><subfield code="v">Newspapers.</subfield></datafield><datafield ind1=" " ind2="0" tag="651"><subfield code="a">Derby (Conn.)</subfield><subfield code="v">Newspapers.</subfield></datafield><datafield ind1=" " ind2="0" tag="651"><subfield code="a">Shelton (Conn.)</subfield><subfield code="v">Newspapers.</subfield></datafield><datafield ind1=" " ind2="0" tag="651"><subfield code="a">Seymour (Conn. : Town)</subfield><subfield code="v">Newspapers.</subfield></datafield><datafield ind1=" " ind2=" " tag="752"><subfield code="a">United States</subfield><subfield code="b">Connecticut</subfield><subfield code="c">New Haven</subfield><subfield code="d">Ansonia.</subfield></datafield><datafield ind1="1" ind2=" " tag="775"><subfield code="a">Naugatuck Valley sentinel</subfield><subfield code="w">(DLC)sn 84022376</subfield><subfield code="w">(OCoLC)10383086</subfield></datafield><datafield ind1="1" ind2=" " tag="775"><subfield code="t">Ansonia weekly sentinel</subfield><subfield code="w">(DLC)sn 84027754</subfield><subfield code="w">(OCoLC)11516128</subfield></datafield><datafield ind1="0" ind2="0" tag="780"><subfield code="t">Evening sentinel (Ansonia, Conn. : 1884)</subfield><subfield code="w">(DLC)sn 84027751</subfield><subfield code="w">(OCoLC)11516107</subfield></datafield><datafield ind1="0" ind2="0" tag="785"><subfield code="t">Evening sentinel (Ansonia, Conn. : 1898)</subfield><subfield code="w">(DLC)sn 91066033</subfield><subfield code="w">(OCoLC)23226391</subfield></datafield><datafield ind1="0" ind2=" " tag="787"><subfield code="t">Birmingham weekly sentinel</subfield><subfield code="w">(DLC)sn 94053247</subfield><subfield code="w">(OCoLC)31093297</subfield></datafield></record>